<?xml version="1.0" encoding="UTF-8"?><collection><record><leader>11024ntm a2200925 a 4500</leader><controlfield tag="001">006768008</controlfield><controlfield tag="003">MiAaHDL</controlfield><controlfield tag="005">20190719000000.0</controlfield><controlfield tag="006">m        d        </controlfield><controlfield tag="007">cr bn ---auaua</controlfield><controlfield tag="008">090504m17141717xx            00| ||ara d</controlfield><datafield tag="035" ind1=" " ind2=" "><subfield code="a">(MiU)006768008</subfield></datafield><datafield tag="035" ind1=" " ind2=" "><subfield code="a">sdr-miu006768008</subfield></datafield><datafield tag="040" ind1=" " ind2=" "><subfield code="a">MiU</subfield><subfield code="c">MiU</subfield><subfield code="e">amremm</subfield></datafield><datafield tag="043" ind1=" " ind2=" "><subfield code="a">n-us-mi</subfield></datafield><datafield tag="100" ind1="1" ind2=" "><subfield code="6">880-01</subfield><subfield code="a">ʻĀmilī, Bahāʼ al-Dīn Muḥammad ibn Ḥusayn,</subfield><subfield code="d">1547-1621.</subfield></datafield><datafield tag="245" ind1="1" ind2="0"><subfield code="6">880-03</subfield><subfield code="a">[Khulāṣat al-ḥisāb ... etc.,</subfield><subfield code="f">between 1126 and 1129, i.e. 1714 to 1717].</subfield></datafield><datafield tag="260" ind1=" " ind2=" "><subfield code="c">[1714-1717]</subfield></datafield><datafield tag="300" ind1=" " ind2=" "><subfield code="a">175 leaves :</subfield><subfield code="b">paper ;</subfield><subfield code="c">206 x 155 (131-145 x 65-71) mm. bound to 207 x 160 mm.</subfield></datafield><datafield tag="500" ind1=" " ind2=" "><subfield code="a">Shelfmark: Ann Arbor, University of Michigan, Special Collections Library, Isl. Ms. 119</subfield></datafield><datafield tag="500" ind1=" " ind2=" "><subfield code="a">Origin: As appears in colophon on p.224, copied by ʻAlī ibn Muṣṭafá. Transcription of second work completed 12 Muḥarram 1129 [ca. 17 December 1716]. As appears in colophon on p.248, transcription of third work completed 28 Muḥarram 1129 [ca. 12 January 1717]. As appears in colophon on p.262, transcription of fourth work completed 23 Muḥarram 1129 [ca. 7 January 1717]. As appears in colophon on p.285, transcription of fifth work completed 15 Ṣafar 1126 [ca. 2 March 1714]. As appears in colophon on p.354, transcription of final work completed 20 Muḥarram 1129 [ca. 4 January 1717].</subfield></datafield><datafield tag="500" ind1=" " ind2=" "><subfield code="a">Former shelfmark: British Museum, London "No. 141. Risalah fi 'l-hisab."</subfield></datafield><datafield tag="500" ind1=" " ind2=" "><subfield code="a">Binding: Pasteboards covered in laid paper with spine, fore-edge flap, and edges/turn-ins in dark red-brown leather ; Type II binding (with flap) ; board linings in laid paper ; sewn in pink thread, two stations ; worked endbands in pink and green, poor condition ; overall in poor condition with significant abrasion, staining, severe lifting and losses of paper and leather (especially upper cover), delamination of boards, etc.</subfield></datafield><datafield tag="500" ind1=" " ind2=" "><subfield code="a">Support: European laid paper with 11 laid lines per cm. (vertical), chain lines spaced 26-27 mm. apart (horizontal), and three hats watermark ; well-burnished.</subfield></datafield><datafield tag="500" ind1=" " ind2=" "><subfield code="a">Decoration: Keywords, section headings, numerals, and abbreviation symbols rubricated ; occasional textual divders in the form of red discs ; some geometric diagrams in red.</subfield></datafield><datafield tag="500" ind1=" " ind2=" "><subfield code="a">Script: Naskh ; clear, bold Turkish hand ; seriffed with right-sloping head-serif on nearly all vertical shafts ; effect of tilt to left ; many closed counters ; tapered descenders ; portion of text on p.300 supplied in a different hand.</subfield></datafield><datafield tag="500" ind1=" " ind2=" "><subfield code="a">Layout: Written in 17 and 21 lines per page ; frame-ruled.</subfield></datafield><datafield tag="500" ind1=" " ind2=" "><subfield code="a">Collation: ii, 2 V(20), IV (28), 7 V(98), 2 VI(122), V (132), IV+1 (141), 2 V(161), IV (169), III (175), ii ; chiefly quinions ; lacks proper catchwords, but last word of final line on the verso of each leaf is usually repeated at the beginning of the first line on the following recto ; pagination in pencil, Western numerals, supplied during digitization (includes flyleaves and skips two pages between pp.355-356).</subfield></datafield><datafield tag="500" ind1=" " ind2=" "><subfield code="a">Colophon: "Scribal," triangular, reads: "تم الكتاب بعون الله الملك الوهاب في سنة ۱۱۲۹ في الشهر المحرم في يوم ۱ ۲ على يد علي بن مصطفى غفر الله لهما ولوالديهما امين تم" ; "Scribal," triangular, reads: "تمت في سنة ۱۱۲۹ في شهر محرم في يوم ۲٨" ; "Scribal," triangular, reads: "تم تم تم في سنة ۱۱۲۹ في شهر محرم في يوم ۲۳" ; "Scribal," triangular, reads: "تم تم تم سنة ۱۱۲٦ في ص ۱٥" ; "Scribal," triangular, reads: "تمت الكتاب بعون الله الملك الوهاب سنة ۱۱۲۹ في شهر م في يوم ۲۰"</subfield></datafield><datafield tag="500" ind1=" " ind2=" "><subfield code="a">Incipit: [Khulāṣat al-ḥisāb] "نحمدك يا من لا يحيط بجميع نعمه عدد ... وبعد فهذه رسالة في الحساب مرتبة على مقدمة وعشرة ابواب" ; [Sharḥ Khulāṣat al-ḥisāb] "يا من عجز عن جميع تضاعف نعمه اقلام افهام العقلاء ... اما بعد فيقول الفقير الى الله الغني عمر بن احمد الشهير بالمائي والچلي رسمت فيما مضى في ايام التحصيل واثناء التدريس والتعطيل تعليقات على المواضع المشكلة وتنبيهات على رموز المباحث المفصلة في الرسالة البهائية في الحساب المشهور فيما بين اولى الالباب ..." ; [Risālah fī fī asmāʼ al-rusūm al-marsūmah ...] "الحمد لله حمدا يليق بجلاله والصلوة والسلام على خير خلقه محمد واله وصحبه اجمعين وبعد فهذه رسالة مختصرة اذكر فيها اسماء الرسوم المرسومة على الالة المسماة بالاسطرلاب الشمالي ذات الصفائح وبعض اعمالها ..." ; [Risālah fī al-ʻamal bi-al-rubʻ al-marsūm bi-al-qanṭarāt] "قال الشيخ ...شهاب الدين احمد بن المجدي ... الحمد لله حمد الشاكرين وصلوته على سيدنا محمد واله الطيبين الطاهرين وبعد فهذه رسالة في العمل بالربع المرسوم بالقنطرات ..." ; [Risālah fī al-ʻamal bi-al-rubʻ al-mujayyab] "الحمد لله رب العالمين ... وبعد فهذه رسالة في العمل بالربع المجيب مشتملة على مقدمة وعشرين بابا ..." ; [Sharḥ al-Muqaddimah al-mukhtaṣarah ...] "اي الف والاسم مشتق في السمو وهو العلو ..."</subfield></datafield><datafield tag="500" ind1=" " ind2=" "><subfield code="a">Title supplied by catloguer.</subfield></datafield><datafield tag="500" ind1=" " ind2=" "><subfield code="a">Ms. codex.</subfield></datafield><datafield tag="505" ind1="0" ind2=" "><subfield code="a">13. p.288-p.354 : [Sharḥ al-Muqaddimah al-mukhtaṣarah fī maʻrifat istikhrāj aʻmāl al-layl wa-al-nahār min rubʻ al-dāʼirah].</subfield></datafield><datafield tag="505" ind1="0" ind2=" "><subfield code="a">12. p.287 : [blank].</subfield></datafield><datafield tag="505" ind1="0" ind2=" "><subfield code="a">11. p.286 : ["Jadwal ṭūl al-buldān ..."].</subfield></datafield><datafield tag="505" ind1="0" ind2=" "><subfield code="a">10. p.270-p.285 : Risālah fī al-ʻamal bi-al-rubʻ al-mujayyab / Badr al-Dīn Muḥammad ibn Muḥammad Sibṭ al-Māridīnī.</subfield></datafield><datafield tag="505" ind1="0" ind2=" "><subfield code="a">9. p.269 : [Excerpt addressing "maʻrifat darajat al-shams bi-al-taqrīb"].</subfield></datafield><datafield tag="505" ind1="0" ind2=" "><subfield code="a">8. p.263-p.268 : [blank].</subfield></datafield><datafield tag="505" ind1="0" ind2=" "><subfield code="a">7. p.250-p.262 : Risālah fī al-ʻamal bi-al-rubʻ al-marsūm bi-al-qanṭarāt / Shihāb al-Dīn Aḥmad ibn Rajab ibn al-Majdī.</subfield></datafield><datafield tag="505" ind1="0" ind2=" "><subfield code="a">6. p.249-250 : [Excerpt from "Risālah min rasāʼil al-asṭurlāb," etc.]</subfield></datafield><datafield tag="505" ind1="0" ind2=" "><subfield code="a">5. p.226-p.248 : [Risālah fī asmāʼ al-rusūm al-marsūmah ʻalá al-ālah al-musammāh bi-al-asṭurlāb al-shamālī dhāt al-ṣafāʼih].</subfield></datafield><datafield tag="505" ind1="0" ind2=" "><subfield code="a">4. p.225 : [blank].</subfield></datafield><datafield tag="505" ind1="0" ind2=" "><subfield code="a">3. p.62-p.224 : [Sharḥ al-Risālah al-Bahāʼīyah fī al-ḥisāb] / ʻUmar ibn Aḥmad al-Māʼī al-Chillī.</subfield></datafield><datafield tag="505" ind1="0" ind2=" "><subfield code="a">2. p.58-p.61 : [blank].</subfield></datafield><datafield tag="505" ind1="0" ind2=" "><subfield code="a">1. p.6-p.57 : Khulāṣat al-ḥisāb / Bahāʼ al-Dīn Muḥammad ibn Ḥusayn al-ʻĀmilī.</subfield></datafield><datafield tag="510" ind1="4" ind2=" "><subfield code="a">Brockelmann, C. GAL,</subfield><subfield code="c">II, 393</subfield></datafield><datafield tag="510" ind1="4" ind2=" "><subfield code="a">Brockelmann, C. GAL,</subfield><subfield code="c">II 200</subfield></datafield><datafield tag="510" ind1="4" ind2=" "><subfield code="a">Brockelmann, C. GAL,</subfield><subfield code="c">II 128 ; SII 158</subfield></datafield><datafield tag="510" ind1="4" ind2=" "><subfield code="a">Brockelmann, C. GAL,</subfield><subfield code="c">SII 596/8 Cmt. f</subfield></datafield><datafield tag="510" ind1="4" ind2=" "><subfield code="a">Brockelmann, C. GAL,</subfield><subfield code="c">II 414 ; SII 596</subfield></datafield><datafield tag="520" ind1="8" ind2=" "><subfield code="a">Fine copy of a collection of treatises pertaining to mathematics and astronomy, including Bahāʼ al-Dīn al-ʻĀmilī's manual of arithmetic, a commentary on the same by ʻUmar ibn Aḥmad al-Māʼī al-Chillī (fl. 17th cent.), an anonymous treatise on the astrolabe, a treatise on the astrolabic quadrant by Ibn al-Majdī (d.1447), a treatise on the use of the sine quadrant by Sibṭ al-Māridīnī (b. 1423), and an anonymous commentary on a treatise on time reckoning by Yaḥyá ibn Muḥammad al-Ḥaṭṭāb (d.1586 or 7). Brief excerpts (as well as a table) on astronomical topics are found between these main works.</subfield></datafield><datafield tag="538" ind1=" " ind2=" "><subfield code="a">Mode of access: Internet.</subfield></datafield><datafield tag="541" ind1=" " ind2=" "><subfield code="c">Purchase ;</subfield><subfield code="a">Acquired by purchase along with Abdul Hamid Collection (funds donated by Horace Rackham).</subfield><subfield code="d">1924.</subfield></datafield><datafield tag="546" ind1=" " ind2=" "><subfield code="a">Arabic.</subfield></datafield><datafield tag="561" ind1=" " ind2=" "><subfield code="a">Bookplate of British Museum, London on interior of upper cover, "British Museum, London. No. 141. Risalah fi 'l-hisab." ; circular seal impression with figure of goat/gazelle in purple ink as well as inscription "175" in Western numerals on front flyleaf (p.3) ; extensive glosses and occasional marginal corrections.</subfield></datafield><datafield tag="600" ind1="1" ind2="0"><subfield code="a">Ḥaṭṭāb, Yaḥyá ibn Muḥammad,</subfield><subfield code="d">1496 or 1497-1586 or 1587.</subfield><subfield code="t">Muqaddimah mukhtaṣarah fī maʻrifat istikhrāj aʻmāl al-layl wa-al-nahār min rubʻ al-dāʼirah.</subfield></datafield><datafield tag="600" ind1="1" ind2="0"><subfield code="a">ʻĀmilī, Bahāʼ al-Dīn Muḥammad ibn Ḥusayn,</subfield><subfield code="d">1547-1621.</subfield><subfield code="t">Khulāṣat al-ḥisāb.</subfield></datafield><datafield tag="650" ind1=" " ind2="0"><subfield code="a">Manuscripts, Arabic</subfield><subfield code="z">Michigan</subfield><subfield code="z">Ann Arbor.</subfield></datafield><datafield tag="650" ind1=" " ind2="0"><subfield code="a">Horology</subfield><subfield code="v">Early works to 1800.</subfield></datafield><datafield tag="650" ind1=" " ind2="0"><subfield code="a">Astronomy, Arab</subfield><subfield code="v">Early works to 1800.</subfield></datafield><datafield tag="650" ind1=" " ind2="0"><subfield code="a">Quadrants (Astronomical instruments)</subfield><subfield code="v">Early works to 1800.</subfield></datafield><datafield tag="650" ind1=" " ind2="0"><subfield code="a">Astronomical instruments</subfield><subfield code="v">Early works to 1800.</subfield></datafield><datafield tag="650" ind1=" " ind2="0"><subfield code="a">Astrolabes</subfield><subfield code="v">Early works to 1800.</subfield></datafield><datafield tag="650" ind1=" " ind2="0"><subfield code="a">Mathematics, Arab</subfield><subfield code="v">Early works to 1800.</subfield></datafield><datafield tag="650" ind1=" " ind2="0"><subfield code="a">Arithmetic</subfield><subfield code="v">Early works to 1800.</subfield></datafield><datafield tag="700" ind1="0" ind2=" "><subfield code="6">880-08</subfield><subfield code="a">ʻAlī ibn Muṣṭafá,</subfield><subfield code="d">fl. 1726,</subfield><subfield code="e">scribe.</subfield></datafield><datafield tag="700" ind1="1" ind2="2"><subfield code="6">880-07</subfield><subfield code="a">Sibṭ al-Māridīnī, Badr al-Dīn Muḥammad ibn Muḥammad,</subfield><subfield code="d">1423-</subfield><subfield code="t">Risālah fī al-ʻamal bi-al-rubʻ al-mujayyab.</subfield></datafield><datafield tag="700" ind1="1" ind2="2"><subfield code="6">880-06</subfield><subfield code="a">Ibn al-Majdī, Aḥmad ibn Rajab,</subfield><subfield code="d">1366-1447.</subfield><subfield code="t">Risālah fī al-ʻamal bi-al-rubʻ al-marsūm bi-al-qanṭarāt.</subfield></datafield><datafield tag="700" ind1="1" ind2="2"><subfield code="6">880-05</subfield><subfield code="a">Chillī, ʻUmar ibn Aḥmad al-Māʼī,</subfield><subfield code="d">fl. 17th cent.</subfield><subfield code="t">Sharḥ al-Risālah al-Bahāʼīyah fī al-ḥisāb.</subfield></datafield><datafield tag="740" ind1="0" ind2="2"><subfield code="6">880-10</subfield><subfield code="a">Risālah fī asmāʼ al-rusūm al-marsūmah ʻalá al-ālah al-musammāh bi-al-asṭurlāb al-shamālī dhāt al-ṣafāʼih</subfield></datafield><datafield tag="740" ind1="0" ind2="2"><subfield code="6">880-09</subfield><subfield code="a">Sharḥ al-Muqaddimah al-mukhtaṣarah fī maʻrifat istikhrāj aʻmāl al-layl wa-al-nahār min rubʻ al-dāʼirah.</subfield></datafield><datafield tag="773" ind1="0" ind2=" "><subfield code="a">Tiflis Collection.</subfield></datafield><datafield tag="880" ind1="0" ind2="2"><subfield code="6">740-10/</subfield><subfield code="a">رسالة في اسماء الرسوم المرسومة على الالة المسماة بالاسطرلاب الشمالي ذات الصفائح</subfield></datafield><datafield tag="880" ind1="0" ind2="2"><subfield code="6">740-09/</subfield><subfield code="a">شرح المقدمة المختصرة في معرفة استخراج اعمال الليل والنهار من ربع الداشرة.</subfield></datafield><datafield tag="880" ind1="0" ind2=" "><subfield code="6">700-08/</subfield><subfield code="a">علي بن مصطفى,</subfield><subfield code="e">ناسخ.</subfield></datafield><datafield tag="880" ind1="1" ind2="2"><subfield code="6">700-07/</subfield><subfield code="a">سبط المارديني، بدر الدين محمد بن محمد.</subfield><subfield code="t">رسالة في العمل بالربع المجيب.</subfield></datafield><datafield tag="880" ind1="1" ind2="2"><subfield code="6">700-06/</subfield><subfield code="a">ابن المجدي، احمد بن رجب.</subfield><subfield code="t">رسالة في العمل بالربع المرسوم بالقنطرات.</subfield></datafield><datafield tag="880" ind1="1" ind2="2"><subfield code="6">700-05/</subfield><subfield code="a">چلي, عمر بن أحمد المائي.</subfield><subfield code="t">شرح الرسالة البهائية في الحساب.</subfield></datafield><datafield tag="880" ind1="1" ind2="0"><subfield code="6">245-03/</subfield><subfield code="a">[خلاصة الحساب ... الخ,</subfield><subfield code="f">بين 1126ه و 1129ه، 1714م الى1717م].</subfield></datafield><datafield tag="880" ind1="1" ind2=" "><subfield code="6">100-01/</subfield><subfield code="a">عاملي، بهاء الدين محمد بن حسين.</subfield></datafield><datafield tag="CID" ind1=" " ind2=" "><subfield code="a">006768008</subfield></datafield><datafield tag="DAT" ind1="0" ind2=" "><subfield code="a">20190719102635.0</subfield><subfield code="b">20190719000000.0</subfield></datafield><datafield tag="DAT" ind1="1" ind2=" "><subfield code="a">20190719090653.0</subfield><subfield code="b">2019-07-19T16:11:22Z</subfield></datafield><datafield tag="DAT" ind1="2" ind2=" "><subfield code="a">2015-10-10T18:00:06Z</subfield></datafield><datafield tag="CAT" ind1=" " ind2=" "><subfield code="a">SDR-MIU</subfield><subfield code="d">EX LIBRIS - ALEPH</subfield><subfield code="l">prepare.pl-004-008</subfield></datafield><datafield tag="FMT" ind1=" " ind2=" "><subfield code="a">BK</subfield></datafield><datafield tag="HOL" ind1=" " ind2=" "><subfield code="0">sdr-miu006768008</subfield><subfield code="a">MiU</subfield><subfield code="b">SDR</subfield><subfield code="c">MIU</subfield><subfield code="p">mdp.39015079125376</subfield><subfield code="s">MIU</subfield><subfield code="1">006768008</subfield></datafield><datafield tag="974" ind1=" " ind2=" "><subfield code="b">MIU</subfield><subfield code="c">MIU</subfield><subfield code="d">20190719</subfield><subfield code="s">lit-dlps-dc</subfield><subfield code="u">mdp.39015079125376</subfield><subfield code="y">1717</subfield><subfield code="r">pd</subfield><subfield code="q">bib</subfield><subfield code="t">non-US bib date2, date type m &lt; 1896</subfield></datafield></record></collection>